@article{ml-fotp,
   author = {Bridge, James P. and Holden, Sean B. and Paulson, Lawrence C.},
   journal = {Springer Science and Business},
   publisher = {Springer},
   url = {http://link.springer.com/article/10.1007/s10817-014-9301-5},
   title = {Machine Learning for First-Order Theorem Proving},
   year = 2014
}

@online{dataset,
  author = {Bridge, James P. and Holden, Sean B. and Paulson, Lawrence C.},
  title = {First-order theorem proving Data Set},
  year = 2014,
  url = {https://archive.ics.uci.edu/ml/datasets/First-order+theorem+proving},
  urldate = {2017-01-20}
}

@online{automl,
   title = {AutoML},
   url = {https://github.com/fetorres/autoML-multiData},
   urldate = {2017-01-20}
}

@online{lean,
   title={Lean},
   url = {https://leanprover.github.io/},
   urldate = {2017-01-20}
}